1544166006328296665,BUY,FutureB,1,10927
1544166006661318603,BUY,FutureB,1,10927
1544166017276146057,SELL,FutureB,1,10931
1544166017276217854,SELL,FutureB,1,10931
1544166041200813499,BUY,FutureB,1,10928
1544166041200882532,BUY,FutureB,1,10928
1544166655470408684,SELL,FutureB,1,10906
1544166655470444660,SELL,FutureB,1,10906
1544166655470499598,SELL,FutureB,1,10906
1544166655470502546,SELL,FutureB,1,10905
1544168662786728250,BUY,FutureB,1,10874
1544168662786826966,BUY,FutureB,1,10874
1544169548013300197,BUY,FutureB,1,10868
1544169548013367737,BUY,FutureB,1,10868
1544170274363153189,SELL,FutureB,1,10862
1544170274363235475,SELL,FutureB,1,10862
1544170277925528918,BUY,FutureB,1,10859
1544170277925532829,BUY,FutureB,1,10859
1544170398113746423,SELL,FutureB,1,10861
1544170398113792059,SELL,FutureB,1,10861
1544170398113832767,SELL,FutureB,1,10861
1544171384278337901,BUY,FutureB,1,10866
1544171384278381697,BUY,FutureB,1,10866
1544171384278439004,BUY,FutureB,1,10866
1544172929692920374,SELL,FutureB,1,10878
1544172929692998197,SELL,FutureB,1,10878
1544172929693016908,SELL,FutureB,1,10878
1544172961320963134,SELL,FutureB,1,10881
1544174757076856460,BUY,FutureB,1,10900
1544174757076941225,BUY,FutureB,1,10900
1544176358723774796,SELL,FutureB,1,10922
1544176358723818931,SELL,FutureB,1,10922
1544188609075220126,BUY,FutureB,1,10870
1544188609075227932,BUY,FutureB,1,10870
1544188609075237051,BUY,FutureB,1,10870
1544188609075240629,BUY,FutureB,1,10870
1544190890570413375,SELL,FutureB,1,10901
1544190890570463207,SELL,FutureB,1,10901
1544190890570463207,SELL,FutureB,1,10901
1544190890570505224,SELL,FutureB,1,10901
1544192403554344941,BUY,FutureB,1,10896
1544192403554385286,BUY,FutureB,1,10896
1544192403554409986,BUY,FutureB,1,10896
1544193643801777358,BUY,FutureB,1,10913
1544195358959664615,SELL,FutureB,1,10904
1544195358959682548,SELL,FutureB,1,10904
1544195358959688673,SELL,FutureB,1,10904
1544195358959712490,SELL,FutureB,1,10904
1544196024275245669,BUY,FutureB,1,10866
1544196024275314689,BUY,FutureB,1,10866
1544196024275318101,BUY,FutureB,1,10867
1544196024275407747,BUY,FutureB,1,10867
1544197438759736082,SELL,FutureB,1,10851
1544197438759784032,SELL,FutureB,1,10851
1544197438759838459,SELL,FutureB,1,10851
1544198051052412530,SELL,FutureB,1,10850
1544200199088218181,BUY,FutureB,1,10814
1544200199088272271,BUY,FutureB,1,10814
1544200199088456895,BUY,FutureB,1,10813
1544200199088465640,BUY,FutureB,1,10813
1544200272219711115,SELL,FutureB,1,10810
1544200272219783438,SELL,FutureB,1,10810
1544200305960407904,SELL,FutureB,1,10807
1544200305960492776,SELL,FutureB,1,10807
1544200885900761668,BUY,FutureB,1,10772
1544200885900792099,BUY,FutureB,1,10772
1544200885900832675,BUY,FutureB,1,10772
1544201996063776091,SELL,FutureB,1,10767
1544201996063815634,SELL,FutureB,1,10767
1544201996063815634,SELL,FutureB,1,10767
0,BUY,FutureB,2,10765,EOD_CLOSE
Simulation finished
Total PnL: 352
Best PnL: 378.5
Worst PnL: -49
Max exposure: 2
Traded lots: 72

Timing
Events: 1664467
Loop time: 5067.66 ms
Total time: 5087.23 ms
Events/sec: 328449
OnEvent total: 53.7727 ms
OnEvent avg: 3.23063e-05 ms
IO+merge approx: 5013.89 ms

C:\Users\USER\projects\ArbSim\x64\Release\App.exe (process 15412) exited with code 0 (0x0).